@article{selvin1975problem,
  title={PROBLEM IN PROBABILITY},
  author={Selvin, Steve},
  journal={American Statistician},
  volume={29},
  number={1},
  pages={67--67},
  year={1975},
  publisher={AMER STATISTICAL ASSOC 1429 DUKE ST, ALEXANDRIA, VA 22314}
}
